0119858D70BEF7B1E33B4306DF28E636F1D:19
012B0185C426EFF93FBC9C25817CD2DCF6C:4
01C5FD83C3C4B8E6D374D10C7D664F4D6A8:1
03958DFC7ECCCC7C80D9A31D4B2A478149E:1
04A741DB32D520CDCEE6E52D69905F8CE2A:2
05DFE3ACF3AC34C2C3590DBA02D41D3EB19:2
061302CE0AF14B645EA7089978AA1DD233C:3
064E03F94E7CE122CA30A25F49D18908151:2
07F82A23132B9F4AEC9A85C38D105F3815C:4
080F237719D037359B7258E8D7FE3123611:1
082519B30FFDD07418EEFB9CC49EDD793E7:1
085646C2FB9836D1EB08D9712AFCAFB78D4:1
09400ED1D6803D2E71E064BACE79B90A716:1
09BB7A0E068FA766BB7CC8C465306AC831A:1
09D6D67B1B60A3087A562E993A4D881419C:2
09EBE3B2683F93BD8F524EFE4A6B76C97C1:3
0A10879CDF522E7A44DA507E0B5A8E2B2D7:3
0AA08FDEA299FF13502CA1D9AE246300937:2
0AD2C1F7C72AD72CBC5CEB9C2A846F1ADBB:1
0B2BBBDC36CBB8CF2E1EA0513D9BAE82120:1
0B2DFBB0FBA4A7E73332FDB1608EE250965:20
0B6587F451C0D6DDB2326B0B77498FB34D6:1
0BCE03EAEF9E0F3DD76684F1CB9E2BD2AFC:2
0C61F78F567E9A08E337156278F81D6162F:4
0CFAA31C33D7833C35C53BABB8EEF00ABA4:2
0D92507A898FDC10E2318EFDA8C5FF728A1:1
0DDA8CB54C5F6DA8BCD8E9C9944D5805590:2
0EB2E706BBE0D1514EECFEDCE1C47E35B4A:4
0F776E291E513A0D736169E54A46C8D21D2:1
0F86D3B50920356AFA05D5FA96BBF17476D:1
0F945F053BB1F07E52EC755BDA0966E156C:1
107E955EBA0B005490C4F5A3F461E81CF3F:2
111D79B89D65B2B6E23B33062C8CACE7029:2
117F1D17DF4FA9018F6FEEAB6E896A98D57:2
11F5A4F9D4C8B293CA1819AE9E8E24615B0:2
11FCDA09AAE8D0606D231CA6A7CA7A214E3:22
122A2C2379A80BCD44D488823875AA70550:2
129561CC2F910DF238F880AB3E025B9AF62:1
12EDFFB7C179AB5C02437BCBE194921F4AB:6
1328E44DCB3F7EFA4A4A7DCD50DC7BF49A9:10
1329E98FC258D323A4DEE2C1747D0AF0951:1
1335CC3E00B56472B9314C2D047586E85F4:1
134AB56365BA8C93AA511B1445DAE2FEBD5:3
13678ACE1CF152625FE42BD7A1EE16A5B1B:5
138249DAAC75682FE7702BEB93B4118CE55:1
138308CC1943A39F9FDA80EF36CA6D82DD8:6
13CEA9CD2B6CE5B6C142B5B2A5026DF685B:4
148B5642AE65E43E7A5289251A6A1F99DCD:10
14D5496D6ABA4C2CC8C81C9F88231C4EFFD:2
154F5B5E1666FC0471023CF78F1200AE650:1
15620C52AD0879D95C8F7BD005CA8E1C910:1
156BECB04F7F4D1F70AC1F16A848AD14760:2
158FDA821D4538D89637531098516366A6C:2
15E70B73F69ED787839B564694CFD4EC427:10
164B6848D337D460953D9CAFD6BA48C0A08:1
16757F834467822EAF4FEF0FE18D0C3440B:2
16C50C8A7E72DEF51B6328EB5DAB10D6DF0:2
17452E71FB377035719BE69365C5F8687D0:2
17A89E344DDA8803CF3CC0B00534D895C02:2
17CE11B1881C37857FC4A7DC06CE4CE3C5E:1
17E14830197B5CC75DFDE371B6CFD23029C:2
1856AD5EF3A5C3C7907F5D0A0D735F64DC2:7
19F121E87B9F69A5DE75E6E17F65EDABE24:2
1A8A8F6D30D638FB7DF9EB44F59694BC02C:13
1ACF8824B8BB392EB14E23D7230C68DEDAB:2
1BAD08E13E026B4000ACE13EEB60135E737:1
1C1D0B6C1C8FD5DE26F49BC8CB088050196:1
1C6149624159D52FCC2FE26597CF52E89C3:2
1C68C9AF75156427F75B5D6CFDFE39F6DAE:2
1C8A89F157F48D8A9C159429A7E6CE71DE9:1
1D2DD0FC57485D8B1D97178433DE429FAEB:5
1DBBEAD4B892307BE7A7B9EB7D86B7302C1:2
1DCBB3BF6D847081440CD974A5993FCAE46:11
1E4F41347C85CA235166C9A46D94CD671E6:3
1E6011568E1AEEBD7B35EB16E799473F33A:1
1F157229A2246C3D163C8B66FF7ACE16014:2
1F5E47BCA9201AEDBB94B6624371FF9DA15:2
1FCE23511327FB795B3905E22DF9396366F:2
20030D0C68ED992F523FA7C44D1253DB1DC:3
2030752F74D4B63938DD88DF61E31F0C02B:2
20DF153D9BF083B6CE9C8D15861B8F43F8D:3
20FB7D7E8BEF973DC17D27325F907492436:2
21075B545AA674E5909DDE3F2414DBA59EA:10
21B9D3C5920E5D62FCDC91CB006F6B7CFCB:2
21E3C03152BA9EE57152D9F4BB11D536525:6
21F9B9A855AF45CA3BC6F1E70E9FD942255:1
232408C713698B7936DB3B11E36E2E92374:1
23D71D002DD1ED50AB1581A7CC02E4594BC:6
257FE256C9DA93AC08CE78F822723B41A2D:1
25966553A391010AFA74E6886A09236F115:2
2622D69079C415F387EF9DA9FA98103EEA8:2
262F9A7A58FF5F9E89F2A7C4E6C741470A1:2
265F34501463D4FBDEACA75ED84AFF52313:2
267ED762B798DC888865146B1683951EC0A:1
26B75D94639F8D2C4E732533174CBBDDDEB:2
27065EAB26BB0E4D6A91487A7BA7E77A506:6
27B6F2FA6FF9323CC3FE1A82D36447BEAF1:2
27CD9BE07FFE2AFB45F3ACF11120B5D2C63:1
28118C3863AD217612EF746B58FBAEC4FD4:2
28A7BA2DD2F024E3FFC05E854CCE7A22D95:34
290B6E966F07181AD1915B6F1FDC37C0246:1
291324F0564FD08D3D73CFB9B2CE2E04FE6:2
2948E39772DC7938E168F5FE846BE5232B7:4
2B471D4E5962C5BD8F7D63A269DE9EBB354:5
2B61DE9EAE2C49C59DB4ECDF58F3D999C24:1
2BB8DCF4CB610A89F03F649B12DB6357889:2
2C2D4968036E86555BBF42D465C2F621B15:1
2C2E8C2926E9F118727AF542DEED35444EE:2
2D2D17C177FA60B7BD123318898BD0DC8DC:4
2D71A30209A0938BDDBD069E9265D551270:5
2DAB2934756FFCF7C32A6DF4FAF9CE93A9B:2
2DF2E6B53C4213339F27EC20DAB36069D46:1
2F2E51904623F6B503AB6361FAB7F21CF16:1
2F3ABB321EAE25B466B68CF117BB15A57FD:1
2F6EAD000104D8F77DE9B5E85098AF36627:15
2F73E8CA30665B8F0CD0FEAA02C65B2E58A:17
2FB871A3D28BD42E342C6BAE0E3380D3F65:1
2FFBEC35CBB6111676562871EF0BF11CE8B:1
30FD46944006DF7B0C68BAA5EF278543681:1
31CF9A84A30BEF2D1DC15BE378FAEFCC642:3
3230C21FEF47001AC4B823091F80E81DE4E:1
33694F3387590BCEDAECEDBD2ECE4F7B73D:2
33C5B5D4A8F88382405C03A8F1DC61C2BCD:20
33ED74B4B8D9A5BE6E9A005E8E3C11F9394:6
341B6BE2428CDBF487B5ECA7C1575D7173C:3
35C7D5BF7D6AF7E5A90F35A18181664C2A4:2
35E519682BAE834019DEC2EC9BFC089A7E7:2
360F5D68E715FB194BD20104FAB16F3E91F:5
3640A7DAA1E407234C779FB090029CA3050:4
36657BD30B0D5B71D82C31D20444768E601:1
37839C33B25669DCB22112166F6C40D6585:1
3B0173DEAF93C1C6669E8145C7CE4F33825:3
3B2B6BFBE714A3758B797C254637E8B2DC9:6
3C263A0F7997CD4EE710B0CCB7EA87D91CC:3
3C7375EE594508CD775036CD4DA008B5049:1
3CC72A317C62426EB12A1553C5D699D5060:2
3D75F7A71F3B84D5ADFD6E17A1136A415DF:1
3DBF229D41666D0CAF590EA3B0F43D5C4EE:4
3EAB12D9C3CD9263F316BA39868F8778A16:2
3EC0E55F10E0A616C65FB421EFBC6285B13:2
3F5AB3F47483F21B234CB073B25180949E2:3
3FA32E8247EA468FBBD5B91FC6EFFD4766B:2
40299C86C0ED3E6913AC7B71D0FA2162468:2
40D2BA196278FE8D47D7623210408B12000:3
4110E87EC5B5D63C6E958D03534632A704E:4
412465F8D92A0D371119D9A806CA925D86F:3
42297449A76C96E92588C106E41DF3CCE08:2
426D71387EEF70FC3236169CCB1070E86F8:1
42E36464BA185B14EC88FCB00E2B16BFCD4:5
43A2B7EB90638C0037D0CE8131B1237B5DE:1
43E4A58CB1E7E2C194278FE0CA6F9BC7C61:28
43E4EDC02C2836C42B6C18BAB3021E70971:2
43F15A21A7E424C7DB2A30E0FA70085C2E6:3
44254E9AF55D7AA20D11730971E2A53AFE2:7
44590DD292C8C08D0BD26857C0F06B14FD3:9
44BA6A7CA514F0B5D81A161D02DBC797AD8:5
44C8268FF7C3A935EDE5801660E2587BF52:3
4529054114DEBA5FA8E16DE3D7F93A059CA:20
458C5322DCA2EF2A65F16BD6EADB10B667F:1
4683747132F0B4BD3238F6B997658963B80:12
478C2C05BC13A9D6E2BD353EA11F690BBA7:49
47CE9A963FBBD13AD04F8776EE1ECA570AF:4
487B45A9457682E846AC5F4804B1CCC8CB4:2
48DED577C646729D9CD924FB802E75ECC89:37
4920CD5DF0362400E12093F5E9936DCB144:2
49A46A931781A054C6EB9D7300CCD954E94:3
4A03D40C582A04D0A74DC5E6A2052E52363:1
4AD1FB249209F5C3593A2A9D53502F9DD33:2
4AE2AFDB407018206F20DFA1FDE3A211F6C:2
4AED90B90975E49ECC4E325AFBCA258013C:1
4B2EDB1CFAE3C57E425F06E03B75DE030C8:1
4BAB81BEB1FF29686637FDC831740FB475F:1
4CE72FC7DA03A92377A4D557984CFC96BD1:1
4D5E6976426D52D30DB4C06E2D949AFB0BE:5
4DA60EA2819639424FBA3EB94A88B1D24E6:3
4E0C9BB9B443963D14F29DC886FD076FC2C:1
4E7CE11188D73C31FAAB2280F1B62879A86:1
4F3B42F4CE9FE8C5429F3716B0BE776FE01:3
4F795367FA611BE984ABE7126D043851651:4
4F9C859CFA8A5DCCFB28419B62648A6E67F:1
4FC47C088CC5157E9E48BF33059FE3FC189:1
4FCAE8515B59F3D677088CECE37932103EA:1
4FF9F2EC3E0488CC1D053E8FCF4C211DB24:2
50E31908A85F35E2C190F8E963DCD9B2857:3
510CD9095BE72A163C5E367F7CDC65E65E0:1
5129DF22B045756400ED89AADB89647E4DC:2
512CDA3C9FC9A01E87A87CACF6D7B3549A1:2
514D4B97FA2D3FB58759B122F4B6982302D:421
51505B8060D25B5B3849982558FB7D7FDAC:1
523E2840B77EDA24CF97316762AB6F74668:6
52424EB0C7880E2F7A82279367BC4AE0771:2
52B21E1DA7E69A819A7FD177964F33EC7BA:2
52D8D6885DD78BB9B3D8039D2C2E4550E81:5
52D8F0E267C9F9D9D4323BB3A96C1C7BBCE:1
53EC1052AC1F7648A75154B498149AADF28:1
544600E458A5779D89178F6F6DC86BFE2ED:5
54B260542B79B0798C0930F0542DD5BC405:46
5570BF1E09C033CC7EBD7669869DBA5B2D0:3
5573CB378E7DCD666BA23078DE68DB18C6F:3
55D3069F59528750301140C18E3445D522F:13
567FBDED12EEB479A542843D71323468808:4
573A2545278E0AC4832E5357B2BA029DEA9:1
5789E6254072F060D6E8E516453FA9F8510:2
59008017E6274BADF352739F89FB0D9B77D:1
59321563ED4976A8AF6D0A5617ACC32CD0D:1
594158C392EBCD1A576B67F6B721942404B:2
594678602E2CC58F138BF4641D9367FE751:3
59C213179996A6581A855F5651E88DB95D4:4
59DB4A9BAA2CA1B9D9ABE3805E33B86EB06:5
59DDA7DD7B04F954E1C107CB5C3ACB0D154:3
59E1E8BB7F6E3728A6DC5131A8CAE432949:2
5AA69380EB6681094D57DAE2BCD4EF12204:2
5ACF52D4DC763774368A5A9A536D3E923EC:1
5B1D8AE0E7F4BF4E7C3190C475F5DA4BE65:1
5B2A270A9CBFB1EA17E8C0608FB53CE5774:5
5B427CAF39E82D82A37299544562A647917:2
5C89BDA43A8BCCC2445495B1485FC11EF67:3
5CEFA04A50377A69EA3A822B77ABA0172E4:1
5CF4AEAD5C774AEF7B0C36644D8FC6369D7:2
5D169A7A10FCECCCD5275DFD54FEC062FDD:5
5D37EF54317278ADF810E8EC3E8D0E24047:1
5D5C5CA9EC7256A32D697BB778577082600:2
5DBBCC1F5E01F517A683AE35BEDF36DC04A:3
5E8C77AF01DAFCE1A38B6DE5224F740A510:7
5F046C4D42CA5EB0C7825D054500A674FDF:6
5F0501B8B95B478D8DE55C77B3DC4938232:1
5F66EB4DD07C840B0601E410795F18A4E95:2
60293BFABBF52F567DCBEE07A008AAD9F40:2
6088B1FEFECA3D6104F798F9D4D79862D2B:5
609B2635D5AD098FF74C4D56A643AC765B7:3
60AAD425992B18130032EADAC34D32E1A0D:2
60C05C2EAB18B5976D507B01AD412A3D391:3
615A56C1BFA80B75B665F8B410B785F3F4E:3
62343C82FA926D6D199E83B543C236AB272:7
63DBE91634B49DB880549B61453854D69D2:1
63FF07998DC60BCE5252CBC7229410FB0C5:2
6458E09E5765155F28C2DB80EFEF7A206C4:1
645C2878DE2CE22C0D9093165A27E34D81E:1
650293C7D05D2129F0CB73F54B2DC5680B0:2
651B0D946540CFA71B2096F1928EA5CC0DB:1
67A222031200275FCD66DC9407499D210F8:1
68665C6A4F37DFBB3804A3CC1E48435DEB5:2
6971B603FA3A354496E5795EB891D89A3C8:2
6976E962104F07B286EE92B80DD20554EAF:21
6A14F174180F2BB89B622143D1EFE33B016:1
6AC60DB1CAAFA179C8ACFE453EDCFCADC58:2
6B2B337ED6173F2ABDB3FD07E4AC3D7D64D:6
6B7E0DBDB9FFEAB96871B19CADC28E56660:1
6B7E508529551A67C4CDC3020AD7131A4FA:19
6D6D4296F41E5E7A17B8958F52050182A70:10
6E21A1D595934E6EEDEA7B617CC678BA216:6
6E7DC65D745199F81A4140276B6542A6C7C:1
6ECC31616C2F76EA0FF7195FBB39C302DE1:1
6F0BC3766425924443738220CF2673ECD95:2
6F110CAD7CA31B335D709862AD1A0FD2F70:8
6F81A1B87107CD5ED0CEED680839F4240F1:1
6FA7E980DFC995C4337DD56329E960A23DD:3
6FB1A6CBCC77B5C5192F8D593903F96A43F:3
6FC27A04B9B6C029907E13672675ADDC9E5:4
730D0EEFD12BB704162379562EE3E8DEA8F:1
73788237C2D97452C4C54B45989F71A5D3C:4
7487462F3569BFC1B49BA8F668AB5881555:2
74D3CAEFFC5C17D1BA09504436308488648:55
75D9EC3A56481FED89451E69D9760E19771:1
75ED43711288FA9E1A6EA9F4615D61DD7CA:3
761134D1B1DE5FA8257ADCF5D330F2E7916:2
76174A1CE95B69D7376EA19FF254A81BE42:1
76611C3451543FE60643F9EA5EE2361290D:5
7703F3F9391155425E77E5C4DFC27EFBF21:5
7715172ED5AED42FACD150C6D075C0F42F3:3
77BE9205CB241DDC27318B6FC3A10DA2AFA:1
787FE5AE111C0EA75CBAA81C7458D85C275:1
799E583DCA62F0AC0ADC81E3ED08961431C:3
7A0E31FF710C991F5AA44C26EF58F0088A5:4
7B21AFEC273C4C33E644C9321C2E86059B8:38
7B36AECD6404B401F34789127AB7F0AC8CA:5
7B71794CA47F252C116A697DE73FD40AAA2:4
7BC93ED02A8347BF25B0847D3455CE49310:3
7C4A070827EA665F00478E4B00A302ACEA1:2
7D4FF8E9AC0A47AD3A28083E1D56E9DC50F:2
7D6C43609A3689D5CDA563A37F7100E3422:1
7DD2C9C29E4964D4109BAC454C17A56A57E:1
7E861701A39CE6C8B10BBA0A68449B5AC0E:6
7F683C2EA8E7B79988015B798BABA56294F:1
802A7608ECB807D1C056952FA5A3F8A4E42:3
8241E8C48C974DD619D46841F0EF598AFEC:1
82854AF95F2DE6DF9717230D7419B7B240D:2
8291EE696BE87E266A7DA4A3B24F039C573:2
82EE68DB8872CF13D802E64791337BBD859:1
8483F44D5C191766D95972E48D4D9A7756B:2
84CFA7C434DAEB4086615AB21E683086EBB:2
84F91C842C10893E18FDA1FEBA53FCB5DC4:3
851BE7F85A1AC4D107D4DFBABB0F237A6EB:2
8581BC4B4941122AFFF28213C046A3DB0B9:1
8712CB26845EC7D31EBA01B4A37C870D0F1:5
8790BB1F7BAB8FEC3242A49ABB2935F9D63:1
87ED8D361AB90506552C708B588E0DB3BC3:1
8831636529A878F5A15B72FD320EAF51F20:4
883C0F77ACB4170516F03DD870DE516640D:2
88995B5AB38DB48C2F4AF3D3249D1F2A297:1
88CC21A829728A2E9B5ECED2D786AFFB796:1
8909FAA772DDA94B8C91AE3FD649BFF4803:2
897B622081753AEDF73AFA7D7D3D0E68F4A:1
89B6EDCCEBEA32C0F3042FBB75926335717:1
8B22D25236C61D4C59DC8C776BAE9E10296:2
8B53BB0A4CF2D56EED875B21D871D021170:2
8BA42D704CFBECFBC4BA0384949901FDD6C:5
8BAF633CEE40AF32C4312EEB444B7D70CCE:3
8D447F1F9B04A52257812BB913EE500F7D0:3
8D7AC36006991D8EFA8F75CE47BC0143296:5
8DBA4326F0EB1AC8CD9D73695FA24A78F18:2
8DE03FAC0BC54F40C868E924669B444C3D5:2
8E03817DBEA79E198DAFBEA3090C9E51047:1
8E11D8CC7E5097A4BDF8583CF285F56E3AC:2
8E9FB0DD20346836DC09BFF56E973D4BA0B:1
8F2403076FD229D0A3C068873E888FC8D41:3
8F681402B3E8878EA1CA8922161795C9322:1
8FA88ECE00CEBE38DB53BAE967BF741634C:3
8FE5925567F79256F28F6A336B10E5DDFE9:3
9076FFE092329F73DAD964240108502CA1E:1
9092E056E26C61071F72F94A6F15247C349:2
911C604BA36DC33B03F34B81A983D46104B:5
91E3CEE4C65C37DFC29A0945D4E2FFE10F2:2
91E7C82353FC7222D0069EEECF0B3AB0F58:1
927025B44EF7EF1802D00C0612B187B092E:2
947EF7E7FB5973C0261438E34C7D8111C86:2
94B73D7371246B5B26F85A6904502991D31:1
94B7EFC70222F39E395977206F815E1F397:1
94E6A953CA659A10E55E58E559922672A51:5
96867E4B5102DE9610CC692FA28437599F0:2
96DEE371747B44C0310C2D4648B5700CA10:2
9765BD828401AB9CA1E64EA2FE1D6A9175C:2
97C1F50476C2074995700B4A7A52628C2A4:1
9862E9A2CC11AA7A93E3573B3EDA9B13BDF:1
98B1EF9D788390026D0827B190B12E37AF5:2
98B8AE8C855013C118B519D0F21155D541B:3
98E5CA5300D9BF00A715D12697AA657E831:2
98F49A0407EC4B4FDB8198D4032A7849455:7
98FC8213844BAC7B41BB63F7C3A693EA7DC:1
99B71C1E8C00310385B841105D318AEE308:2
99DB2F5953C7796F72C0EB6F96FDC1C42BC:3
99F5A9A63FF40CDE9DFC7D945E8B835C5ED:1
9A6F03ADA12158845CAFC3C1276F647197A:653
9A818C028F2A8A40C3C35AFCA43D91EF296:2
9B1F83CC6C4425B6A66D95D713078D1E37B:1
9C585E9D4F1A4628BC93F6F389A7C2B18F7:1
9D0487F1A0181B6B474280E82B9FC626FB6:9
9D507C0BFE02DB7FD188D39BFD73B370EBE:1
9E159144D38F90923A764CBE6C52727720A:4
9E87C00EAA2A7D9CEBCEE9389A975AD9A4D:2
A0CD8D55660F783A13C523AEFFB7254B880:5
A10DB19713B085A91541932A8A700E31271:7
A1C2DCCE5CA30BA53F97D6BE1645918283B:4
A1EA44E4F129D55B3E0E89095EA1A6347E1:1
A1F673842777549A436710B0312F081571D:5
A21D4114B874A28ED829BE9A6DD38A1EAB7:3
A28773C7944EF41201DC6B9D59F6C88EED2:6
A40987EAAF6279453BA440D373886E80BFE:1
A40C3D53ADB31760F2AD8170D322AB5CDDB:2
A43DAA202060BBD5C5391E039793C2DCB64:1
A458174FDE0CC8F28AA48C8CDA69B65B1DE:2
A47B606CEF12D0AA2AC5267991069038DD3:2
A4CD958CBB780B272A578C49A1F6BDA1C2B:3
A55AA5140312C43E00BA79D38354C17253A:2
A56FB523AA701F4AC57C89F9EA862D4B865:2
A5C8D92E3736FDE64FA4B4FB0C74F0EB809:3
A64A390C43160C45C7BDC545D728B501340:1
A6AACA53E0A3B1D3CB0220B6219303ACBB2:2
A70AC7CFEC08532057C545D3C018B4BA9FE:5
A91CF8BA70BA139D866EA0A2991483A3CD8:1
A9209E0783FD60B1C2019A081F98F78D059:1
A984182F152203A898A38CD2D8BCCB3D79C:1
AB044FFAC8FEC1B0867AB848ED8DE3D4E5C:3
AB53C33B26F2192CCB89D4F47013A43DB24:2
AB88FEA5D0471DEB1734EA65C2C8F2E185F:1
ABA765FC3CBE14E29954507043558EE9097:6
AC8B097D8177ED0E04FF2CCB9CA6BD283CB:1
AC9BDD4B532BA455C630A99F754642060AE:2
ACFC70933B5EB330450F91F789FFDC783E1:2
AD76DA4AA5726DD04076DBADD8FAA471559:3
ADC6402A28E9076456138FDD3B1B7873A5E:1
AE0B9DF99EF968CBC014893C211B798441C:1
AE7A02C86EF023D27F7BD6B1197BD927DCB:2
AF0C2D4D3CBE34DDB5B022BDF9584F12D9F:1
AF75DE3BD0D3C07D345F357C28B1D405E63:3
B01D1DCACC4238027B42F21B162C2ACAD68:2
B03C0F0A3115D42F6DA8D5D6E4C0DD1E6BB:4
B057A2C2450F47DBFACB6ED70893114896F:1
B0992F06AD2E541B15E4DA540B4BE575380:2
B1014865E1A2D1C96BCE0D2FF84E750E399:6
B14339F35ADD9356FBE7BBA4C55B6525148:12
B19CC4495C7F2D6A4AB3EA2696FD864983F:2
B1A34636CFE4BB0B4D6DBFD3742E8E08A7B:3
B24CD75781657E56C83C20EA1944119C0AA:1
B2939330E221B18B37B7ED143188020452F:1
B332A0761583315E88D3E8ED7F5EFC64D67:9
B3E81CBB58D671888E34632CF99E4272ECB:1
B476308E5824AACC9B548FA38188D76FF28:2
B4864056CF682F4D67DEDE76DEA663A7050:5
B489A34A4621ECEFA0E8C0ADA763774D2D6:4
B51B59D5BAF78A1DA14DCC27758BA2A6E3D:1
B52E8B1F49CA5452B0795B84C99BA4CDE55:1
B5405E66232B4A6675E9F64D748552D0E59:2
B5DDA197E713A66B830B549C9DDE5870BE5:9
B5E51F9199D487FD44A4E935C38A1CFB7BD:12
B617E20386DFC5392DA3E78B52A5FFE22D4:5
B6F0AFA75BD2AA2EE9F964501D807BD7096:1
B71891B05896200A393C3BFD95D2B0221FE:1
B722F80BC08243C0A2209315E58ED21B036:1
B74DED83350E2804C6CAB09AB474ABB536C:3
B75F74E8F91569C4DD76CBAF42098AC6DF7:1
B7F8C4F352A8D805A3129E7E5970CC2D29F:1
B7F8EAE7702B65D58D11A6DC8EE998D14BC:2
B867FD7273F76A3DDF117E37EC7BCAA854B:2
B8885C8A9608A34CF311A25AF0A39483EDE:6
B8887C69253B655432678D6A479FED84B7D:3
B8A6FDD7BD98B9D4CC24F16DA89420C3A37:2
B96E96BDBE865E5397CDAA8856D53137B64:2
BA13068C81852EE91CDA4F172FB92DFC7D6:2
BA31DBB13B7919595C0CD8E63E3CDCCD5DB:3
BA644EC5482F7ACA7DB2964A8E4DF411341:3
BAAD4BA8A0C22658A095E08D00D62DDEB89:1
BB9D8E66B2A58C17940F4EF2A73C4C227A8:2
BBC35A187E4EC480D60F94B1403AA3A7ADD:3
BC8478538D242BA22A3D081735153324636:2
BCE8864AF614F45D688B73CCBE61E1BAF66:2
BE0D13922C678DF528DD3048F02522A5FCA:3
BE24D8CF0B9AF2E1E2186830BE212D1FA2D:1
BE559C3FA4D68D522B665D89C1003D56E8D:1
BF049BBDE8696CEEBC5ACDE8C32A1D4F63E:1
BF6F9451EA9E8D463BAE0E3EC198D5029E7:2
BFAAD20D95FBF53CB35E4FF0A58137BA4C9:1
BFD12CFED5B20CDF2801593B848992F4E11:2
BFE6D90784DE9EB4214F40B41B1A4EF703F:3
C0127A880C75DC0DE4913C9D9227C5BC13A:1
C0768752527217BE7919DCA67B1A21309E3:2
C0927294D36E9E3203972AF956B0152A59E:1
C0BCE82174A371F0947A34055F908620120:1
C12792023E938FFF51457D2DB674C7C83F6:1
C136FFE442D066ED7E530B894AC209DF628:1
C167B1A8ACFF00658C4E0B41CCE352ADD6A:1
C1FDE4AA0DA4B4C7E4D96F8CB17DAA994D7:2
C2A7440912C8289620F6CEA1A308A101F93:5
C3DE7697E1BBB6567F4A884C6D2149870B8:1
C436CD9F4E28FAF1BA4CE45959ED851E42F:9
C44B369E6F746382F5D53E3D1FD83A1695D:2
C44E7E0DDCF0EF39B418A507ED5F1D02C18:7
C49131C1C775BB5A147060828A02FC6FA80:1
C5B733841765C7F264992774F4165730DF4:5
C5C8EE4DC0090DEA8083E1515C1179528FA:3
C6099A673BF29CA01F8762B228308ACD59A:1
C61407B1CFEB352C3C548474B04D83BE1D2:1
C6376CFEB337921AB902F6EBBB55AD5155E:3
C72233EDD28529DFDF5B0647E7B5B5003A5:3
C76FD6E0B432B6FBA98EEFDC8A03B90A8C3:3
C835C48BFD3164182E4F2CE100254C428F5:2
C84B9F4418127B75BAFFAF702BA7E9994F8:1
C8CA20A2D70639C7F182A93EF69C6D921A1:38
C949D73D9E57306FEF74783E82C8DF7A93F:2
C973B7739BA45D8B5BF370D26037E870A58:1
CA58234A9800DDE057823B82A8DFB666A1D:1
CB494C89EF18EFA52395AFD109F8D7D98B6:1
CC2071FF72A106E194ED1B078CCB5325E8E:2
CC3EA1EAFD54A7AF510394D9A6D1D1DC085:1
CC97A1328E7284BA6B7A8F1201ACA6187A1:3
CD9153E2822795782F08BF226D899962ABA:4
CDA16C9DEBD9AF2A9365A516292CA333058:3
CE26D2775452B532526E6F3AD98CC8340D9:2
CE86EB72929DBC649559E81DAE44960E42B:1
CF6ACDAD2A2F8829C7423305872889F14D1:3
CF8D37F5ADFBAECAA7902413996327381CE:1
CFA05992DF6FC19F2CB53F473B73E1BB099:2
CFB4ADCB7AABD2BD00E1A8FB02684F45E13:2
CFEEEC23D982BE2AE84128E056D29638102:15
D0DD38FD67865C3F68F6FF1BAEBE56987D6:1
D1381B25198F87B4FB319AE6B23B428EBA0:3
D270CF193C447515E534E3696774E04859C:3
D296874F54EEFD669CBC73578EE28FBA3D0:2
D2F699C19D06CAE696C9E8286F683878A45:3
D3156AB3197AF104A6C132CAD3319CDA98A:1
D3C90BC46592191AF08B525CE76B8A64E50:9
D4053ACC584B4B26B65BAEDBD49292F8F94:2
D4CF6F2FB8DD4D3BCA2E2FA6B92E8F44953:1
D4D2FE2C1C38A09F1DFAF58E4CA708AB094:1
D4E10BEB3E19399E134E4DE7FE273C15686:4
D51B812A10C339FD2256AC856D254F4F214:5
D6945F8C62D23264498258F779CF4236D19:1
D6ABCE5DFF609D6CC546DCB55AE1540F910:3
D6BAD21F379D444F9A20E9AB53CBC0FA1AA:4
D85D76D2C1EAD05AB2300EF5DBB91A36647:20
D909555253D369BC213D0B9A3250FAC308B:3
D9DFDB9E618B816DC3771B5A58596F229E7:2
DA1935D3AFAB841F617928F7FD0B043AE69:3
DA7213B3289B111E0FA3D009BDD6772F0AF:1
DAD25CACA6202A92DBD281AE1B7237C02E8:2
DB397336CF5F0110844545C93B001E0F62B:1
DB7DD9A31878F8C3CAFB7FD89FC2EF6290B:6
DB9479BE12F42F8B99307BE744B3A53562C:1
DBA13C38210AC558748780A6D99673BF266:2
DBF54FD1C966A72AACEF89030F1E0708CA3:3
DC0CD4D0A1357E6C08E77BCB110B8B3CE0C:3
DC5D16CDE6001C81A796BC99DD286E4D0E5:2
DD122D1DD4EA06924110FD7DC1DE2BFC4DF:1
DD3801AE3BBB61888C8B2F0FC1C3AD476A3:2
DD99AB504D95A97BD7F1F8C4B3A3CD79C09:4
DE7E8DF392C777A3DCEA31DA5BAA48C9B1B:38
DED5772DB10EAB41D1765167A1454D35D7A:1
DF41A4B8378E48F0D390A292DBAF7C980DE:2
DF8DF64222006E5FC3F9872AB0BCA4EF702:1
E01FF169DB1568F514567D875AB6A549625:1
E17F3370D5213497537ACF17B0EDE9DBB45:1
E192CE4DF37B5DBB076A53A6BF3CB02A007:1
E251949A8B1B48A102781C6394113660985:6
E2A5B7186B4517491E94F61F8344658ECBD:1
E2C6B7A04926FE681B3A4B8CB436313FBBB:3
E31AC8983524797C58C2B3FF1A081014939:1
E351A066B5A461A9B61A87A79D6B2D3E916:10
E35B871CF2F69AD898D7DADF232102AE1E2:2
E36033B8617C3D7B41AFB577347F39B5F70:2
E38F95B7496BCBE9F91BB5568AAD4D5DCDB:3
E422BE2D83B834F031B4D2ED83BAE84F2DC:2
E42F26CCA8C899BAFFEED50B3F1FC86208E:1
E47695C2E08BF5F779C14E588F7833CFF1F:2
E537CF47620B8DE8CAC6FF9924980948B17:2
E55F59AC23698A4A11F219D5C5E35803BA8:2
E6EACFEA362C5603869F08CABD63BE6F0EC:1
E85A5B8A415CA257893C937E52F63CF6AA0:1
E9314D9C4AFA099B9A09678B244BA122716:1
E94405CAB60F873C969866920869205609E:9
E9C9F964418461CED2BE6000E50268C0396:2
E9FC4C8E01FE1AE59714EBAB68CE7CA5CA2:2
EAC06A60F4E95A367BDECCB2BF2B127F822:6
EB5A62762664B977031AA162BC18BDC2183:3
EB77585A439CF0ECD11C96D501207E472B6:1
EBD196C1103CA2A1DD4B4BDE6D98D6C7FD8:1
EC5A7D4E2917E2888E5AD63D5313326F9E9:5
EF9427D820D4113F5289AA6B6A97F4880D6:1
F0BF3EA608807ECC2095BCE24F0D23C6275:4
F16A2ABAC50F10FD5D6337A0036896F4BCB:1
F20B6ED74FF2D4CEDA0152FE451188E1BCF:1
F2A419880A4704E2C8ADB413B4952733F49:1
F331C8C9D0A5BE482D9F9F1763163342BDD:1
F358D8484A597773A6A99A4E0CC502BC1D1:1
F369BA6FBED9CFA9682F7A2B81E96AC5FFE:4
F3F030EECEE4DE94DDEB6CA74D5D7EC0B9F:2
F410511173FED54E136D42F4AD4D14A7E9C:1
F517F37E1DB318C459960A0001DA1C7EFC6:2
F58C6C0031FA1821871DA04C69B5AB4D00B:4
F5BC8CAA9982CFB1554F317CECCEB17CD5E:2
F5C0A1255BEB5D56683C1D2B2816286855D:2
F5C89C567496936CCC031FF23A837BD39C2:3
F6636B0F06286029471AA0FBFD413094D04:1
F8AAFC21240B30C0DE66C8F86C389086F26:2
F93E773E28EC2BD69DC5C6EB0221C9E61DE:2
F98394E53B364CD5EB30ABA34BC9C9C880B:3
F988795150A121C76B3B7FB1D627A4D909E:4
FB121FD24FBEB27D656B0522AF79A6E40F3:2
FB4A176282FB2CD55F62B50929701DC027E:2
FBDEF4BD89485EF3540C3318DD51C1A51DE:1
FCEE6209B95D9CC0A5D5BB9A54B3EB79D4A:4
FD16CF39CC5FA8E7ED1B87DF7015D8E5F25:2
FD1E165F26429A5E5A271A48C7E1568E846:2
FD613A46C8749A4524AF5734764ABEA5508:1
FDE6B930A255CD8418D4C99BBAAE4DE472A:2
FE6C71640A2B81DC9ED965A836F6643EEC9:1
FEBB29B203F0DAD4B1BCF96CB88866E3304:2
FF0283D0C3892CA3D79F9F54AC364D232B4:2
FF0D45399DEE97E362E91554B4D22F2CB96:2
FF41C1A65DEFBB499A4E488864634F55F77:2
FF697D3A14EC07E6A7C4EDCFF47CDC6EF32:24
FFF881DA20AB8B0B59F15A6876386D41333:1